<!-- BibEdit-Template-Name: preprint -->
<!-- BibEdit-Template-Description: preprint -->
<record>
  <datafield tag="037" ind1=" " ind2=" ">
    <subfield code="a">VOLATILE:reportnr</subfield>
  </datafield>
  <datafield tag="041" ind1=" " ind2=" ">
    <subfield code="a">VOLATILE:language (if not English)</subfield>
  </datafield>
    <datafield tag="084" ind1=" " ind2=" ">
    <subfield code="a">VOLATILE:pacs</subfield>
    <subfield code="2">VOLATILE:PACS</subfield>
  </datafield>
  <datafield tag="100" ind1=" " ind2=" ">
    <subfield code="a">VOLATILE:Familyname, Firstname</subfield>
    <subfield code="u">VOLATILE:Affiliation</subfield>
  </datafield>
  <datafield tag="242" ind1=" " ind2=" ">
    <subfield code="a">VOLATILE:Translated title (English)</subfield>
  </datafield>
  <datafield tag="245" ind1=" " ind2=" ">
    <subfield code="a">VOLATILE:Original title</subfield>
  </datafield>
  <datafield tag="269" ind1=" " ind2=" ">
    <subfield code="c">VOLATILE:YYYY-MM-DD</subfield>
  </datafield>
  <datafield tag="300" ind1=" " ind2=" ">
    <subfield code="a">VOLATILE:11</subfield>
  </datafield>
  <datafield tag="520" ind1=" " ind2=" ">
    <subfield code="a">VOLATILE:abstract</subfield>
  </datafield>
  <datafield tag="650" ind1="1" ind2="7">
    <subfield code="a">VOLATILE:subject</subfield>
    <subfield code="2">INSPIRE</subfield>
  </datafield>
  <datafield tag="653" ind1="1" ind2=" ">
    <subfield code="a">VOLATILE:keyword</subfield>
    <subfield code="9">VOLATILE:author</subfield>
  </datafield>
  <datafield tag="693" ind1=" " ind2=" ">
    <subfield code="e">VOLATILE:experiment</subfield>
  </datafield>
  <datafield tag="695" ind1=" " ind2=" ">
    <subfield code="a">VOLATILE:keyword</subfield>
    <subfield code="2">VOLATILE:INSPIRE</subfield>
  </datafield>
  <datafield tag="700" ind1=" " ind2=" ">
    <subfield code="a">VOLATILE:Familyname, Firstname</subfield>
    <subfield code="u">VOLATILE:Affiliation</subfield>
  </datafield>
  <datafield tag="710" ind1=" " ind2=" ">
    <subfield code="g">VOLATILE:collaboration</subfield>
  </datafield>
  <datafield tag="773" ind1=" " ind2=" ">
    <subfield code="w">VOLATILE:CNUM</subfield>
    <subfield code="t">VOLATILE:Presented at</subfield>
  </datafield>
  <datafield tag="856" ind1="4" ind2=" ">
    <subfield code="u">VOLATILE:http: (for external link)</subfield>
    <subfield code="y">VOLATILE:Fulltext</subfield>
  </datafield>
  <datafield tag="FFT" ind1=" " ind2=" ">
    <subfield code="a">VOLATILE:http:</subfield>
    <subfield code="y">VOLATILE:Fulltext</subfield>
    <subfield code="t">VOLATILE:INSPIRE-PUBLIC</subfield>
  </datafield>
  <datafield tag="980" ind1=" " ind2=" ">
    <subfield code="a">CORE</subfield>
  </datafield>
  <datafield tag="980" ind1=" " ind2=" ">
    <subfield code="a">HEP</subfield>
  </datafield>
</record>